@article{Alexandrov,
  title={An approach to clustering abstracts},
  author={ Alexandrov, M. and Gelbukh, A. and Rosso, P.},
  journal={Natural Language Processing and Information Systems},
  volume={20},
  year={2005},
  pages={275--285}
} 

@article{Joachims,
  title={A probabilistic analysis of the rocchio algorithm with tfidf for text categorization},
  author={Joachims, T.},
  journal={Machine Learning: ECML},
  year={1997},
  pages={143--151}
} 

@article{Kuznetsov,
  title={Analytic and stochastic methods of structure parameter estimation},
  author={Kuznetsov, M. P. and Tokmakova, A. A. and Strijov, V. V.},
  journal={Informatica},
  volume={37},
  number={4},
  year={2016},
  pages={607--624}
}

@article{Tokmakova,
  title={Supervised topic classification for modeling a hierarchical conference structure},
  author={Kuznetsov, M. P. and Clausel, M. and Amini, M.-R. and Gaussier, E. and Strijov, V. V.},
  journal={International conference on neural information processing},
  year={2015},
  volume={9489},
  pages={90â€“-97}
}