@article{Aksenova2014ECoG,
  title={Stable and artifact-resistant decoding of 3D hand trajectories from ECoG signals using the generalized additive model},
  author={Eliseyev, A., and Aksenova, T.},
  journal={J. Neural Eng.},
  volume={23},
  number={1},
  year={2014}
}%pages={10--21},

@article{Motrenko2018ECoG,
  title={Multi-way feature selection for ECoG-based Brain-Computer Interface},
  author={Motrenko, A.P., and Strijov, V.V.},
  journal={Expert Systems with Applications},
  volume={114},
  number={30},
  year={2018}
}%  pages={402--413},

@article{Choa2010LongTerm,
  title={Long-term asynchronous decoding of arm motion using electrocorticographic signals in monkeys},
  author={Chao, Z. C., and Nagasaka, Y., and Fujii, N.},
  journal={Frontiers in Neuroeng.},
  volume={3},
  number={3},
  
  year={2010}
}%ineering%pages={10.3389/fneng.2010.00003},

@article{Isachenko2018QPFS,
  title={Quadratic Programming Optimization with Feature Selection for Non-linear Models},
  author={Isachenko, R.V., and Strijov, V.V.},
  journal={Lobachevskii Journal of Mathematics},
  volume={8},
  year={2018}
}
