@article{Motrenko2016Periods,
  title={Extracting fundamental periods to segment human motion time series},
  author={Motrenko, A.P. and Strijov, V.V.},
  journal={IEEE Journal of Biomedical and Health Informatics},
  volume={20},
  number={6},
  year={2016}
}%1466--1476. 

@article{Ignatov2015Accel,
  title={Human activity recognition using quasiperiodic time series collected from a  tri-axial accelerometer},
  author={Ignatov, A.D. and Strijov, V.V.},
  journal={Multimedia Tools and Appl.},
  volume={75},
  number={12},
  year={2016}
}%  pages={7257â€“7270},

@article{Karas2016Feature,
  title={Feature-based time-series classification},
  author={Karasikov, M.E. and Strijov, V.V.},
  journal={Informatics and Applications},
  volume={10},
  number={4},
  year={2016}
}%121-131

@article{Isachenko2018Optima,
  title={Dimensionality reduction for time series decoding and forecasting problems},
  author={Isachenko, R.V. and  Vladimirova, M.R. and Strijov, V.V.},
  journal={DEStech Trans. on Comp. Sc. Eng.},
  year={2018}
}


?

